<?xml version="1.0" encoding="UTF-8"?><collection xmlns="http://www.loc.gov/MARC21/slim"><record><leader>00692nam--2200169-i-4500</leader><controlfield tag="001">000025647</controlfield><controlfield tag="002">20161230</controlfield><controlfield tag="005">20161230201036</controlfield><controlfield tag="008">060222s1000------------r-----000-0-eng-d</controlfield><datafield ind1=" " ind2=" " tag="040"><subfield code="a">IFIN-HH</subfield></datafield><datafield ind1=" " ind2=" " tag="080"><subfield code="a">533.9(061.3)</subfield></datafield><datafield ind1="1" ind2=" " tag="110"><subfield code="a">Laboratoire de Physique des Milieux Ionises. Ecole Polytechnique</subfield></datafield><datafield ind1="1" ind2="0" tag="245"><subfield code="a">Third international congress on waves and instabilities in plasmas. june 27 - july 1 1977, palaiseau-france</subfield><subfield code="b">Organised by the wave and turbulence group laboratoire de physique des milie eux ionises ecole polytechnique. book of abstracts</subfield></datafield><datafield ind1=" " ind2=" " tag="260"><subfield code="a">Palaiseau Cedex, France, Ecole Polytechnique, 1977,</subfield></datafield><datafield ind1=" " ind2=" " tag="300"><subfield code="a">286P</subfield></datafield><datafield ind1=" " ind2=" " tag="852"><subfield code="a">48918</subfield><subfield code="c">533.9</subfield></datafield><datafield ind1=" " ind2=" " tag="CAT"><subfield code="a">Sys</subfield><subfield code="c">20100929</subfield><subfield code="h">142131</subfield></datafield></record></collection>